%% This BibTeX bibliography file was created using BibDesk.
%% http://bibdesk.sourceforge.net/


%% Created for Yao-Yi Chiang at 2014-08-15 10:52:29 -0700 


%% Saved with string encoding Unicode (UTF-8) 



@article{Hall2009,
	Acmid = {1656278},
	Address = {New York, NY, USA},
	Author = {Hall, Mark and Frank, Eibe and Holmes, Geoffrey and Pfahringer, Bernhard and Reutemann, Peter and Witten, Ian H.},
	Date-Added = {2014-08-15 17:40:01 +0000},
	Date-Modified = {2014-08-15 17:40:09 +0000},
	Doi = {10.1145/1656274.1656278},
	Issn = {1931-0145},
	Issue_Date = {June 2009},
	Journal = {SIGKDD Explor. Newsl.},
	Month = nov,
	Number = {1},
	Numpages = {9},
	Pages = {10--18},
	Publisher = {ACM},
	Title = {The WEKA Data Mining Software: An Update},
	Url = {http://doi.acm.org/10.1145/1656274.1656278},
	Volume = {11},
	Year = {2009},
	Bdsk-Url-1 = {http://doi.acm.org/10.1145/1656274.1656278},
	Bdsk-Url-2 = {http://dx.doi.org/10.1145/1656274.1656278}}

@manual{R2008,
	Address = {Vienna, Austria},
	Author = {{R Development Core Team}},
	Date-Added = {2014-08-15 17:39:19 +0000},
	Date-Modified = {2014-08-15 17:40:36 +0000},
	Note = {{ISBN} 3-900051-07-0},
	Organization = {R Foundation for Statistical Computing},
	Title = {R: A Language and Environment for Statistical Computing},
	Url = {http://www.R-project.org},
	Year = {2008},
	Bdsk-Url-1 = {http://www.R-project.org}}

@article{MTP,
	Acmid = {1689243},
	Address = {New York, NY, USA},
	Articleno = {13},
	Author = {Reddy, Sasank and Mun, Min and Burke, Jeff and Estrin, Deborah and Hansen, Mark and Srivastava, Mani},
	Doi = {10.1145/1689239.1689243},
	Issn = {1550-4859},
	Issue_Date = {February 2010},
	Journal = {ACM Trans. Sen. Netw.},
	Keywords = {Activity classification, mobile phones, transportation mode inference},
	Month = mar,
	Number = {2},
	Numpages = {27},
	Pages = {13:1--13:27},
	Publisher = {ACM},
	Title = {Using Mobile Phones to Determine Transportation Modes},
	Url = {http://doi.acm.org/10.1145/1689239.1689243},
	Volume = {6},
	Year = {2010},
	Bdsk-Url-1 = {http://doi.acm.org/10.1145/1689239.1689243},
	Bdsk-Url-2 = {http://dx.doi.org/10.1145/1689239.1689243}}

@inproceedings{knoblock12:eswc,
	Address = {Crete, Greece},
	Author = {Craig A. Knoblock and Pedro Szekely and Jose Luis Ambite and Shubham Gupta and Aman Goel and Maria Muslea and Kristina Lerman and Mohsen Taheriyan and Parag Mallick},
	Booktitle = {Proceedings of the Extended Semantic Web Conference},
	Keywords = {"Source Modeling"},
	Title = {Semi-Automatically Mapping Structured Sources into the Semantic Web},
	Urlpaper = {http://www.isi.edu/integration/papers/knoblock12-eswc.pdf},
	Urlpresentation = {http://www.isi.edu/integration/slides/knoblock12-eswc-slides.pdf},
	Urlyoutube = {http://www.youtube.com/watch?v=kUIqTI56oeQ&feature=share&list=PLdD4tO6i0DwMXmBhOwlt7zEZKoOWrWpOA]},
	Year = {2012}}

@inproceedings{taheriyan12:lapis,
	Author = {Mohsen Taheriyan and Craig A. Knoblock and Pedro Szekely and Jose Luis Ambite},
	Booktitle = {Proceedings of the ESWC 2012 Workshop on Linked APIs},
	Keywords = {"Source modeling"},
	Title = {Semi-Automatically Modeling Web APIs to Create Linked APIs},
	Urlpaper = {http://www.isi.edu/integration/papers/knoblock12-eswc.pdf},
	Urlpresentation = {http://prezi.com/pu5smfc7iexa/giscience-2012-generating-named-road-vector-data-from-raster-maps/},
	Year = {2012}}

@article{szekely14:ijhac,
	Author = {Pedro Szekely and Craig A. Knoblock and Fengyu Yang and Xuming Zhu and Eleanor Fink and Rachel Allen and Georgina Goodlander},
	Journal = {International Journal of Humanities and Art Computing (IJHAC)},
	Mont = {March},
	Pages = {152-166},
	Title = {Publishing the Data of the Smithsonian American Art Museum to the Linked Data Cloud},
	Urllink = {http://www.euppublishing.com/doi/abs/10.3366/ijhac.2014.0104},
	Urlpaper = {http://www.isi.edu/integration/papers/szekely14-ijhac.pdf},
	Volume = {8},
	Year = {2014}}

@incollection{Fayyad:1996:DMK:257938.257942,
 author = {Fayyad, Usama M. and Piatetsky-Shapiro, Gregory and Smyth, Padhraic},
 chapter = {From Data Mining to Knowledge Discovery: An Overview},
 title = {Advances in Knowledge Discovery and Data Mining},
 editor = {Fayyad, Usama M. and Piatetsky-Shapiro, Gregory and Smyth, Padhraic and Uthurusamy, Ramasamy},
 year = {1996},
 isbn = {0-262-56097-6},
 pages = {1--34},
 numpages = {34},
 url = {http://dl.acm.org/citation.cfm?id=257938.257942},
 acmid = {257942},
 publisher = {American Association for Artificial Intelligence},
 address = {Menlo Park, CA, USA},
}